@inproceedings{akbani2004,
  title={Applying support vector machines to imbalanced datasets},
  author={Akbani, Rehan and Kwek, Stephen and Japkowicz, Nathalie},
  booktitle={European conference on machine learning},
  pages={39--50},
  year={2004},
  organization={Springer}
}  

@article{perez2009,
  title={Bayesian classifiers based on kernel density estimation: Flexible classifiers},
  author={P{\'e}rez, Aritz and Larra{\~n}aga, Pedro and Inza, I{\~n}aki},
  journal={International Journal of Approximate Reasoning},
  volume={50},
  number={2},
  pages={341--362},
  year={2009},
  publisher={Elsevier}
}

@inproceedings{stolfo1997,
  title={Credit card fraud detection using meta-learning: Issues and initial results},
  author={Stolfo, Salvatore and Fan, David W and Lee, Wenke and Prodromidis, Andreas and Chan, P},
  booktitle={AAAI-97 Workshop on Fraud Detection and Risk Management},
  year={1997}
}


@inproceedings{john1995,
  title={Estimating continuous distributions in Bayesian classifiers},
  author={John, George H and Langley, Pat},
  booktitle={Proceedings of the Eleventh conference on Uncertainty in artificial intelligence},
  pages={338--345},
  year={1995},
  organization={Morgan Kaufmann Publishers Inc.}
}


@inproceedings{moore2005,
  title={Internet traffic classification using bayesian analysis techniques},
  author={Moore, Andrew W and Zuev, Denis},
  booktitle={ACM SIGMETRICS Performance Evaluation Review},
  volume={33},
  number={1},
  pages={50--60},
  year={2005},
  organization={ACM}
}


@article{chang2011libsvm,
  title={LIBSVM: a library for support vector machines},
  author={Chang, Chih-Chung and Lin, Chih-Jen},
  journal={ACM Transactions on Intelligent Systems and Technology (TIST)},
  volume={2},
  number={3},
  pages={27},
  year={2011},
  publisher={ACM}
}


@article{chawla2002smote,
  title={SMOTE: synthetic minority over-sampling technique},
  author={Chawla, Nitesh V. and Bowyer, Kevin W. and Hall, Lawrence O. and Kegelmeyer, W. Philip},
  journal={Journal of artificial intelligence research},
  volume={16},
  pages={321--357},
  year={2002}
}


@inproceedings{japkowicz2000learning,
  title={Learning from imbalanced data sets: a comparison of various strategies},
  author={Japkowicz, Nathalie and others},
  booktitle={AAAI workshop on learning from imbalanced data sets},
  volume={68},
  pages={10--15},
  year={2000},
  organization={Menlo Park, CA}
}